<record><leader>00000cas a2200000 a 4500</leader><controlfield tag="001">39234208</controlfield><controlfield tag="008">980605d19761977cauwr ne      0    0eng c</controlfield><datafield ind1=" " ind2=" " tag="010"><subfield code="a">sn 98061478 </subfield></datafield><datafield ind1=" " ind2=" " tag="040"><subfield code="a">CNK</subfield><subfield code="b">eng</subfield><subfield code="c">CNK</subfield><subfield code="d">OCLCQ</subfield><subfield code="d">CNK</subfield><subfield code="d">OCLCO</subfield><subfield code="d">OCLCQ</subfield><subfield code="d">OCLCF</subfield></datafield><datafield ind1=" " ind2=" " tag="042"><subfield code="a">pcc</subfield></datafield><datafield ind1=" " ind2=" " tag="043"><subfield code="a">n-us-ca</subfield></datafield><datafield ind1="0" ind2=" " tag="130"><subfield code="a">Inter-city express (West Covina, Calif. : 1976 : El Monte herald and press)</subfield></datafield><datafield ind1="1" ind2="0" tag="245"><subfield code="a">Inter-city express.</subfield></datafield><datafield ind1=" " ind2=" " tag="250"><subfield code="a">El Monte herald and press.</subfield></datafield><datafield ind1=" " ind2=" " tag="260"><subfield code="a">West Covina, Calif. :</subfield><subfield code="b">San Gabriel Valley Tribune.</subfield></datafield><datafield ind1=" " ind2=" " tag="300"><subfield code="a">v.</subfield></datafield><datafield ind1=" " ind2=" " tag="310"><subfield code="a">Weekly</subfield></datafield><datafield ind1="1" ind2=" " tag="362"><subfield code="a">Began in 1976.</subfield></datafield><datafield ind1="0" ind2=" " tag="362"><subfield code="a">-v. 63, no. 18 (Nov. 10, 1977).</subfield></datafield><datafield ind1=" " ind2=" " tag="500"><subfield code="a">"El Monte Herald and Press" appears in small print below "Inter-City Express," &lt;Sept. 30, 1976&gt;-Nov. 10, 1977.</subfield></datafield><datafield ind1=" " ind2=" " tag="530"><subfield code="a">Master negatives are available for duplication from:</subfield><subfield code="b">California Newspaper Microfilm Archive;</subfield><subfield code="c">for further information consult the CNMA at:</subfield><subfield code="u">http://cbsr.ucr.edu</subfield></datafield><datafield ind1=" " ind2=" " tag="580"><subfield code="a">Published in several local editions.</subfield></datafield><datafield ind1=" " ind2=" " tag="588"><subfield code="a">Description based on: Vol. 62, no. 12 (Sept. 30, 1976).</subfield></datafield><datafield ind1=" " ind2="0" tag="651"><subfield code="a">San Gabriel River Valley (Calif.)</subfield><subfield code="v">Newspapers.</subfield></datafield><datafield ind1=" " ind2="7" tag="655"><subfield code="a">Newspapers.</subfield><subfield code="2">fast</subfield><subfield code="0">(OCoLC)fst01423814</subfield></datafield><datafield ind1=" " ind2="7" tag="651"><subfield code="a">California</subfield><subfield code="z">San Gabriel River Valley.</subfield><subfield code="2">fast</subfield><subfield code="0">(OCoLC)fst01275269</subfield></datafield><datafield ind1=" " ind2=" " tag="752"><subfield code="a">United States</subfield><subfield code="b">California</subfield><subfield code="c">Los Angeles</subfield><subfield code="d">West Covina.</subfield></datafield><datafield ind1="0" ind2="0" tag="780"><subfield code="t">Monte herald and press</subfield><subfield code="w">(DLC)sn 98061963</subfield></datafield><datafield ind1="0" ind2="7" tag="785"><subfield code="t">Inter-city express (West Covina, Calif. : 1977 : Baldwin Park bulletin)</subfield><subfield code="w">(DLC)sn 98061479</subfield></datafield><datafield ind1="0" ind2="7" tag="785"><subfield code="t">Inter-city express (West Covina, Calif. : 1977 : El Monte herald and press and Baldwin Park bulletin)</subfield><subfield code="w">(DLC)sn 98061480</subfield></datafield></record>